[gd_scene load_steps=7 format=2]

[ext_resource path="res://Town.tscn" type="PackedScene" id=1]
[ext_resource path="res://MainCharacter.tscn" type="PackedScene" id=2]
[ext_resource path="res://Game.gd" type="Script" id=3]
[ext_resource path="res://PNJ.tscn" type="PackedScene" id=4]
[ext_resource path="res://GUI.tscn" type="PackedScene" id=5]
[ext_resource path="res://Musique/16_Neo City.ogg" type="AudioStream" id=6]

[node name="Game" type="Node"]
script = ExtResource( 3 )

[node name="Town" parent="." instance=ExtResource( 1 )]
position = Vector2( -61.5753, -12.8877 )
scale = Vector2( 0.994045, 0.997967 )

[node name="AudioStreamPlayer" type="AudioStreamPlayer" parent="Town"]
stream = ExtResource( 6 )
volume_db = -20.0
autoplay = true

[node name="Town_NPC" type="Node2D" parent="Town"]
position = Vector2( 61.9442, 12.914 )
scale = Vector2( 1.00599, 1.00204 )

[node name="Policier" parent="Town/Town_NPC" instance=ExtResource( 4 )]
visible = false
position = Vector2( 6435.54, 3803.56 )

[node name="Policier 2" parent="Town/Town_NPC" instance=ExtResource( 4 )]
visible = false
position = Vector2( 2517.04, 1374.39 )

[node name="Policier 3" parent="Town/Town_NPC" instance=ExtResource( 4 )]
visible = false
position = Vector2( 4900.9, -228.404 )

[node name="Policier 4" parent="Town/Town_NPC" instance=ExtResource( 4 )]
visible = false
position = Vector2( 6411.56, -2238.99 )

[node name="Policier 5" parent="Town/Town_NPC" instance=ExtResource( 4 )]
visible = false
position = Vector2( 5047.62, -4412.6 )

[node name="Policier 6" parent="Town/Town_NPC" instance=ExtResource( 4 )]
visible = false
position = Vector2( -1291.87, -4094.6 )

[node name="Policier 7" parent="Town/Town_NPC" instance=ExtResource( 4 )]
visible = false
position = Vector2( -5875.42, -2654.96 )

[node name="Policier 8" parent="Town/Town_NPC" instance=ExtResource( 4 )]
visible = false
position = Vector2( -3546.59, 3962.16 )

[node name="Policier 11" parent="Town/Town_NPC" instance=ExtResource( 4 )]
visible = false
position = Vector2( -3312.01, 1757.08 )

[node name="Policier 9" parent="Town/Town_NPC" instance=ExtResource( 4 )]
visible = false
position = Vector2( -7632.62, 3632.86 )

[node name="Policier 12" parent="Town/Town_NPC" instance=ExtResource( 4 )]
position = Vector2( 695.081, -237.757 )

[node name="Policier 10" parent="Town/Town_NPC" instance=ExtResource( 4 )]
visible = false
position = Vector2( 2624.79, 5008.99 )

[node name="PNJ Homme" parent="Town/Town_NPC" instance=ExtResource( 4 )]
position = Vector2( 4953.33, 2616.36 )
type = "Homme"

[node name="PNJ Homme2" parent="Town/Town_NPC" instance=ExtResource( 4 )]
position = Vector2( 5134.85, 3810.54 )
type = "Homme"

[node name="PNJ Homme 2" parent="Town/Town_NPC" instance=ExtResource( 4 )]
position = Vector2( 1523.89, 2595.48 )
type = "Homme"

[node name="PNJ Homme 3" parent="Town/Town_NPC" instance=ExtResource( 4 )]
position = Vector2( -6969.14, -155.92 )
type = "Homme"

[node name="PNJ Homme 4" parent="Town/Town_NPC" instance=ExtResource( 4 )]
position = Vector2( -233.947, 1009.6 )
type = "Homme"

[node name="PNJ Homme 10" parent="Town/Town_NPC" instance=ExtResource( 4 )]
position = Vector2( -2462.49, -878.79 )
type = "Homme"

[node name="PNJ Homme 11" parent="Town/Town_NPC" instance=ExtResource( 4 )]
position = Vector2( -1031.53, -2298.02 )
type = "Homme"

[node name="PNJ Homme 9" parent="Town/Town_NPC" instance=ExtResource( 4 )]
position = Vector2( 3155.78, -268.875 )
type = "Homme"

[node name="PNJ Homme 5" parent="Town/Town_NPC" instance=ExtResource( 4 )]
position = Vector2( -186.18, 3503.06 )
type = "Homme"

[node name="PNJ Homme 6" parent="Town/Town_NPC" instance=ExtResource( 4 )]
position = Vector2( -1963.13, 3044.49 )
type = "Homme"

[node name="PNJ Homme 7" parent="Town/Town_NPC" instance=ExtResource( 4 )]
position = Vector2( -2087.32, 2356.64 )
type = "Homme"

[node name="PNJ Homme 8" parent="Town/Town_NPC" instance=ExtResource( 4 )]
position = Vector2( 253.28, 2423.52 )
type = "Homme"

[node name="PNJ Femme" parent="Town/Town_NPC" instance=ExtResource( 4 )]
position = Vector2( 1960.66, 4662.82 )
type = "Femme"

[node name="PNJ Femme 2" parent="Town/Town_NPC" instance=ExtResource( 4 )]
position = Vector2( -1651.78, 912.375 )
type = "Femme"

[node name="PNJ Femme 9" parent="Town/Town_NPC" instance=ExtResource( 4 )]
position = Vector2( -514.049, -706.248 )
type = "Femme"

[node name="PNJ Femme 7" parent="Town/Town_NPC" instance=ExtResource( 4 )]
position = Vector2( -1451.15, 2125.67 )
type = "Femme"

[node name="PNJ Femme 8" parent="Town/Town_NPC" instance=ExtResource( 4 )]
position = Vector2( 3086.74, 2507.8 )
type = "Femme"

[node name="PNJ Femme 3" parent="Town/Town_NPC" instance=ExtResource( 4 )]
position = Vector2( -6562.44, 71.9873 )
type = "Femme"

[node name="PNJ Femme 4" parent="Town/Town_NPC" instance=ExtResource( 4 )]
position = Vector2( -7391.48, -331.297 )
type = "Femme"

[node name="PNJ Femme 5" parent="Town/Town_NPC" instance=ExtResource( 4 )]
position = Vector2( -4477.67, 1120.83 )
type = "Femme"

[node name="PNJ Femme 6" parent="Town/Town_NPC" instance=ExtResource( 4 )]
position = Vector2( -4754.72, -1907.62 )
type = "Femme"

[node name="PNJ H malade" parent="Town/Town_NPC" instance=ExtResource( 4 )]
position = Vector2( -197.51, -40.5911 )
type = "H malade"

[node name="PNJ H malade2" parent="Town/Town_NPC" instance=ExtResource( 4 )]
position = Vector2( 2101.4, -64.0491 )
type = "H malade"

[node name="PNJ H malade 2" parent="Town/Town_NPC" instance=ExtResource( 4 )]
position = Vector2( -5356.72, 2606.06 )
type = "H malade"

[node name="PNJ H malade 3" parent="Town/Town_NPC" instance=ExtResource( 4 )]
position = Vector2( -7716.43, -689.882 )
type = "H malade"

[node name="PNJ H malade 4" parent="Town/Town_NPC" instance=ExtResource( 4 )]
position = Vector2( -3083, -1874.51 )
type = "H malade"

[node name="PNJ H malade 5" parent="Town/Town_NPC" instance=ExtResource( 4 )]
position = Vector2( 4970.58, -1406.39 )
type = "H malade"

[node name="PNJ F malade" parent="Town/Town_NPC" instance=ExtResource( 4 )]
position = Vector2( 1452.18, -452.155 )
type = "F malade"

[node name="PNJ F malade4" parent="Town/Town_NPC" instance=ExtResource( 4 )]
position = Vector2( 5182.05, 861.51 )
type = "F malade"

[node name="PNJ F malade5" parent="Town/Town_NPC" instance=ExtResource( 4 )]
position = Vector2( -1515.3, -1449.13 )
type = "F malade"

[node name="PNJ F malade2" parent="Town/Town_NPC" instance=ExtResource( 4 )]
position = Vector2( -6171.49, 331.23 )
type = "F malade"

[node name="PNJ F malade3" parent="Town/Town_NPC" instance=ExtResource( 4 )]
position = Vector2( -4690.7, 5098.41 )
type = "F malade"

[node name="Player" parent="." instance=ExtResource( 2 )]
position = Vector2( 4899.53, 5250.36 )
motion/sync_to_physics = false
Stamina = 1000

[node name="GUI" parent="Player" instance=ExtResource( 5 )]
margin_left = -500.0
margin_top = -287.0
margin_right = 496.0
margin_bottom = -80.0
