[gd_scene load_steps=17 format=2]

[ext_resource path="res://Sprites/Player/char_all.svg" type="Texture" id=1]
[ext_resource path="res://MainCharacter.gd" type="Script" id=2]
[ext_resource path="res://Sprites/Player/char_right3.svg" type="Texture" id=3]
[ext_resource path="res://Sprites/Player/char_top2.svg" type="Texture" id=4]
[ext_resource path="res://Sprites/Player/char_bot1.svg" type="Texture" id=5]
[ext_resource path="res://Sprites/Player/char_top1.svg" type="Texture" id=6]
[ext_resource path="res://Sprites/Player/char_left1.svg" type="Texture" id=7]
[ext_resource path="res://Sprites/Player/char_right2.svg" type="Texture" id=8]
[ext_resource path="res://Sprites/Player/char_bot3.svg" type="Texture" id=9]
[ext_resource path="res://Sprites/Player/char_left2.svg" type="Texture" id=10]
[ext_resource path="res://Sprites/Player/char_top3.svg" type="Texture" id=11]
[ext_resource path="res://Sprites/Player/char_right1.svg" type="Texture" id=12]
[ext_resource path="res://Sprites/Player/char_bot2.svg" type="Texture" id=13]
[ext_resource path="res://Sprites/Player/char_left3.svg" type="Texture" id=14]

[sub_resource type="SpriteFrames" id=1]
animations = [ {
"frames": [ ExtResource( 8 ), ExtResource( 12 ), ExtResource( 8 ), ExtResource( 3 ) ],
"loop": true,
"name": "right",
"speed": 5.0
}, {
"frames": [ ExtResource( 10 ), ExtResource( 7 ), ExtResource( 10 ), ExtResource( 14 ) ],
"loop": true,
"name": "left",
"speed": 5.0
}, {
"frames": [ ExtResource( 4 ), ExtResource( 6 ), ExtResource( 4 ), ExtResource( 11 ) ],
"loop": true,
"name": "up",
"speed": 5.0
}, {
"frames": [ ExtResource( 13 ) ],
"loop": true,
"name": "idle",
"speed": 5.0
}, {
"frames": [ ExtResource( 13 ), ExtResource( 9 ), ExtResource( 13 ), ExtResource( 5 ) ],
"loop": true,
"name": "down",
"speed": 5.0
} ]

[sub_resource type="CapsuleShape2D" id=2]
radius = 23.8202
height = 12.7079

[node name="Player" type="KinematicBody2D"]
collision_layer = 7
collision_mask = 7
motion/sync_to_physics = true
script = ExtResource( 2 )
Stamina = 100
Health = 100

[node name="Sprite" type="Sprite" parent="."]
visible = false
texture = ExtResource( 1 )
region_rect = Rect2( 175, 0, 106, 122 )

[node name="AnimatedSprite" type="AnimatedSprite" parent="."]
scale = Vector2( 0.45, 0.45 )
frames = SubResource( 1 )
animation = "up"

[node name="CollisionShape2D" type="CollisionShape2D" parent="."]
shape = SubResource( 2 )

[node name="Camera2D" type="Camera2D" parent="."]
current = true

[node name="BoostTime" type="Timer" parent="."]
wait_time = 5.0

[node name="StaminaUpTimer" type="Timer" parent="."]
autostart = true

[node name="AnimationPlayer" type="AnimationPlayer" parent="."]

[node name="InvicibilityFrame" type="Timer" parent="."]
one_shot = true
[connection signal="timeout" from="InvicibilityFrame" to="." method="_on_InvicibilityFrame_timeout"]
