[gd_scene load_steps=52 format=2]

[ext_resource path="res://Sprites/Roads/crossing_top_right.svg" type="Texture" id=1]
[ext_resource path="res://Sprites/Roads/grass.svg" type="Texture" id=2]
[ext_resource path="res://Sprites/Roads/crossing_top_left.svg" type="Texture" id=3]
[ext_resource path="res://Sprites/Roads/grass_right.svg" type="Texture" id=4]
[ext_resource path="res://Sprites/Roads/crossing_left.svg" type="Texture" id=5]
[ext_resource path="res://Sprites/Roads/left_corner.svg" type="Texture" id=6]
[ext_resource path="res://Sprites/Roads/crossing.svg" type="Texture" id=7]
[ext_resource path="res://Sprites/Roads/grass_top.svg" type="Texture" id=8]
[ext_resource path="res://Sprites/Roads/crossing_right.svg" type="Texture" id=9]
[ext_resource path="res://Sprites/Roads/grass_left.svg" type="Texture" id=10]
[ext_resource path="res://Sprites/Roads/bot_corner.svg" type="Texture" id=11]
[ext_resource path="res://Sprites/Roads/grass_down.svg" type="Texture" id=12]
[ext_resource path="res://Sprites/Roads/sidewalk_crossing_top_left.svg" type="Texture" id=13]
[ext_resource path="res://Sprites/Roads/sidewalk_crossing_right.svg" type="Texture" id=14]
[ext_resource path="res://Sprites/Roads/sidewalk_crossing_top_right.svg" type="Texture" id=15]
[ext_resource path="res://Sprites/Roads/left_side.svg" type="Texture" id=16]
[ext_resource path="res://Sprites/Roads/sidewalk_down.svg" type="Texture" id=17]
[ext_resource path="res://Sprites/Roads/road.svg" type="Texture" id=18]
[ext_resource path="res://Sprites/Roads/sidewalk_bot_corner.svg" type="Texture" id=19]
[ext_resource path="res://Sprites/Roads/pavement.svg" type="Texture" id=20]
[ext_resource path="res://Sprites/Roads/road_cross_right.svg" type="Texture" id=21]
[ext_resource path="res://Sprites/Roads/road_cross_left.svg" type="Texture" id=22]
[ext_resource path="res://Sprites/Roads/road_cross_top_right.svg" type="Texture" id=23]
[ext_resource path="res://Sprites/Roads/road_cross_top_left.svg" type="Texture" id=24]
[ext_resource path="res://Sprites/Roads/right_corner.svg" type="Texture" id=25]
[ext_resource path="res://Sprites/Roads/right_side.svg" type="Texture" id=26]
[ext_resource path="res://Sprites/Roads/sidewalk_crossing_left.svg" type="Texture" id=27]
[ext_resource path="res://Sprites/Roads/sidewalk_crossing.svg" type="Texture" id=28]
[ext_resource path="res://Sprites/Roads/sidewalk.svg" type="Texture" id=29]
[ext_resource path="res://Sprites/Roads/sidewalk_half_right.svg" type="Texture" id=30]
[ext_resource path="res://Sprites/Roads/sidewalk_top_corner.svg" type="Texture" id=31]
[ext_resource path="res://Sprites/Roads/sidewalk_half_left.svg" type="Texture" id=32]
[ext_resource path="res://Sprites/Roads/sidewalk_right.svg" type="Texture" id=33]
[ext_resource path="res://Sprites/Roads/sidewalk_road_cross_left.svg" type="Texture" id=34]
[ext_resource path="res://Sprites/Roads/sidewalk_road_cross_top_left.svg" type="Texture" id=35]
[ext_resource path="res://Sprites/Roads/sidewalk_top.svg" type="Texture" id=36]
[ext_resource path="res://Sprites/Roads/sidewalk_right_corner.svg" type="Texture" id=37]
[ext_resource path="res://Sprites/Roads/sidewalk_left.svg" type="Texture" id=38]
[ext_resource path="res://Sprites/Roads/sidewalk_half_top.svg" type="Texture" id=39]
[ext_resource path="res://Sprites/Roads/sidewalk_right_side.svg" type="Texture" id=40]
[ext_resource path="res://Sprites/Roads/sidewalk_road_cross_right.svg" type="Texture" id=41]
[ext_resource path="res://Sprites/Roads/sidewalk_half_bot.svg" type="Texture" id=42]
[ext_resource path="res://Sprites/Roads/sidewalk_left_corner.svg" type="Texture" id=43]
[ext_resource path="res://Sprites/Roads/sidewalk_left_side.svg" type="Texture" id=44]
[ext_resource path="res://Sprites/Roads/sidewalk_road_cross_top_right.svg" type="Texture" id=45]
[ext_resource path="res://Sprites/Roads/top_left_side.svg" type="Texture" id=46]
[ext_resource path="res://Sprites/Roads/top_corner.svg" type="Texture" id=47]
[ext_resource path="res://Sprites/Roads/top_right_side.svg" type="Texture" id=48]
[ext_resource path="res://Sprites/Roads/sidewalk_top_left_side.svg" type="Texture" id=49]
[ext_resource path="res://Sprites/Roads/sidewalk_top_right_side.svg" type="Texture" id=50]

[sub_resource type="NavigationPolygon" id=1]
vertices = PoolVector2Array( -69, -5.00001, 0, -45, 69, -5.00001, 0, 35 )
polygons = [ PoolIntArray( 0, 1, 2, 3 ) ]
outlines = [ PoolVector2Array( 0, 35, 69, -5.00001, 0, -45, -69, -5.00001 ) ]

[node name="RoadTileset" type="Node2D"]

[node name="crossing" type="Sprite" parent="."]
texture = ExtResource( 7 )

[node name="NavigationPolygonInstance" type="NavigationPolygonInstance" parent="crossing"]
navpoly = SubResource( 1 )

[node name="bot_corner" type="Sprite" parent="."]
texture = ExtResource( 11 )

[node name="NavigationPolygonInstance" type="NavigationPolygonInstance" parent="bot_corner"]
navpoly = SubResource( 1 )

[node name="crossing_left" type="Sprite" parent="."]
texture = ExtResource( 5 )

[node name="NavigationPolygonInstance" type="NavigationPolygonInstance" parent="crossing_left"]
navpoly = SubResource( 1 )

[node name="crossing_right" type="Sprite" parent="."]
texture = ExtResource( 9 )

[node name="NavigationPolygonInstance" type="NavigationPolygonInstance" parent="crossing_right"]
navpoly = SubResource( 1 )

[node name="crossing_top_left" type="Sprite" parent="."]
texture = ExtResource( 3 )

[node name="NavigationPolygonInstance" type="NavigationPolygonInstance" parent="crossing_top_left"]
navpoly = SubResource( 1 )

[node name="crossing_top_right" type="Sprite" parent="."]
texture = ExtResource( 1 )

[node name="NavigationPolygonInstance" type="NavigationPolygonInstance" parent="crossing_top_right"]
navpoly = SubResource( 1 )

[node name="grass" type="Sprite" parent="."]
texture = ExtResource( 2 )

[node name="NavigationPolygonInstance" type="NavigationPolygonInstance" parent="grass"]
navpoly = SubResource( 1 )

[node name="grass_down" type="Sprite" parent="."]
texture = ExtResource( 12 )

[node name="NavigationPolygonInstance" type="NavigationPolygonInstance" parent="grass_down"]
navpoly = SubResource( 1 )

[node name="grass_left" type="Sprite" parent="."]
texture = ExtResource( 10 )

[node name="NavigationPolygonInstance" type="NavigationPolygonInstance" parent="grass_left"]
navpoly = SubResource( 1 )

[node name="grass_right" type="Sprite" parent="."]
texture = ExtResource( 4 )

[node name="NavigationPolygonInstance" type="NavigationPolygonInstance" parent="grass_right"]
navpoly = SubResource( 1 )

[node name="grass_top" type="Sprite" parent="."]
texture = ExtResource( 8 )

[node name="NavigationPolygonInstance" type="NavigationPolygonInstance" parent="grass_top"]
navpoly = SubResource( 1 )

[node name="left_corner" type="Sprite" parent="."]
texture = ExtResource( 6 )

[node name="NavigationPolygonInstance" type="NavigationPolygonInstance" parent="left_corner"]
navpoly = SubResource( 1 )

[node name="left_side" type="Sprite" parent="."]
texture = ExtResource( 16 )

[node name="NavigationPolygonInstance" type="NavigationPolygonInstance" parent="left_side"]
navpoly = SubResource( 1 )

[node name="pavement" type="Sprite" parent="."]
texture = ExtResource( 20 )

[node name="NavigationPolygonInstance" type="NavigationPolygonInstance" parent="pavement"]
navpoly = SubResource( 1 )

[node name="right_corner" type="Sprite" parent="."]
texture = ExtResource( 25 )

[node name="NavigationPolygonInstance" type="NavigationPolygonInstance" parent="right_corner"]
navpoly = SubResource( 1 )

[node name="right_side" type="Sprite" parent="."]
texture = ExtResource( 26 )

[node name="NavigationPolygonInstance" type="NavigationPolygonInstance" parent="right_side"]
navpoly = SubResource( 1 )

[node name="road" type="Sprite" parent="."]
texture = ExtResource( 18 )

[node name="NavigationPolygonInstance" type="NavigationPolygonInstance" parent="road"]
navpoly = SubResource( 1 )

[node name="road_cross_left" type="Sprite" parent="."]
texture = ExtResource( 22 )

[node name="NavigationPolygonInstance" type="NavigationPolygonInstance" parent="road_cross_left"]
navpoly = SubResource( 1 )

[node name="road_cross_right" type="Sprite" parent="."]
texture = ExtResource( 21 )

[node name="NavigationPolygonInstance" type="NavigationPolygonInstance" parent="road_cross_right"]
navpoly = SubResource( 1 )

[node name="road_cross_top_left" type="Sprite" parent="."]
texture = ExtResource( 24 )

[node name="NavigationPolygonInstance" type="NavigationPolygonInstance" parent="road_cross_top_left"]
navpoly = SubResource( 1 )

[node name="road_cross_top_right" type="Sprite" parent="."]
texture = ExtResource( 23 )

[node name="NavigationPolygonInstance" type="NavigationPolygonInstance" parent="road_cross_top_right"]
navpoly = SubResource( 1 )

[node name="sidewalk" type="Sprite" parent="."]
texture = ExtResource( 29 )

[node name="NavigationPolygonInstance" type="NavigationPolygonInstance" parent="sidewalk"]
navpoly = SubResource( 1 )

[node name="sidewalk_bot_corner" type="Sprite" parent="."]
texture = ExtResource( 19 )

[node name="NavigationPolygonInstance" type="NavigationPolygonInstance" parent="sidewalk_bot_corner"]
navpoly = SubResource( 1 )

[node name="sidewalk_crossing" type="Sprite" parent="."]
texture = ExtResource( 28 )

[node name="NavigationPolygonInstance" type="NavigationPolygonInstance" parent="sidewalk_crossing"]
navpoly = SubResource( 1 )

[node name="sidewalk_crossing_left" type="Sprite" parent="."]
texture = ExtResource( 27 )

[node name="NavigationPolygonInstance" type="NavigationPolygonInstance" parent="sidewalk_crossing_left"]
navpoly = SubResource( 1 )

[node name="sidewalk_crossing_right" type="Sprite" parent="."]
texture = ExtResource( 14 )

[node name="NavigationPolygonInstance" type="NavigationPolygonInstance" parent="sidewalk_crossing_right"]
navpoly = SubResource( 1 )

[node name="sidewalk_crossing_top_left" type="Sprite" parent="."]
texture = ExtResource( 13 )

[node name="NavigationPolygonInstance" type="NavigationPolygonInstance" parent="sidewalk_crossing_top_left"]
navpoly = SubResource( 1 )

[node name="sidewalk_crossing_top_right" type="Sprite" parent="."]
texture = ExtResource( 15 )

[node name="NavigationPolygonInstance" type="NavigationPolygonInstance" parent="sidewalk_crossing_top_right"]
navpoly = SubResource( 1 )

[node name="sidewalk_down" type="Sprite" parent="."]
texture = ExtResource( 17 )

[node name="NavigationPolygonInstance" type="NavigationPolygonInstance" parent="sidewalk_down"]
navpoly = SubResource( 1 )

[node name="sidewalk_half_bot" type="Sprite" parent="."]
texture = ExtResource( 42 )

[node name="NavigationPolygonInstance" type="NavigationPolygonInstance" parent="sidewalk_half_bot"]
navpoly = SubResource( 1 )

[node name="sidewalk_half_left" type="Sprite" parent="."]
texture = ExtResource( 32 )

[node name="NavigationPolygonInstance" type="NavigationPolygonInstance" parent="sidewalk_half_left"]
navpoly = SubResource( 1 )

[node name="sidewalk_half_right" type="Sprite" parent="."]
texture = ExtResource( 30 )

[node name="NavigationPolygonInstance" type="NavigationPolygonInstance" parent="sidewalk_half_right"]
navpoly = SubResource( 1 )

[node name="sidewalk_half_top" type="Sprite" parent="."]
texture = ExtResource( 39 )

[node name="NavigationPolygonInstance" type="NavigationPolygonInstance" parent="sidewalk_half_top"]
navpoly = SubResource( 1 )

[node name="sidewalk_left" type="Sprite" parent="."]
texture = ExtResource( 38 )

[node name="NavigationPolygonInstance" type="NavigationPolygonInstance" parent="sidewalk_left"]
navpoly = SubResource( 1 )

[node name="sidewalk_left_corner" type="Sprite" parent="."]
texture = ExtResource( 43 )

[node name="NavigationPolygonInstance" type="NavigationPolygonInstance" parent="sidewalk_left_corner"]
navpoly = SubResource( 1 )

[node name="sidewalk_left_side" type="Sprite" parent="."]
texture = ExtResource( 44 )

[node name="NavigationPolygonInstance" type="NavigationPolygonInstance" parent="sidewalk_left_side"]
navpoly = SubResource( 1 )

[node name="sidewalk_right" type="Sprite" parent="."]
texture = ExtResource( 33 )

[node name="NavigationPolygonInstance" type="NavigationPolygonInstance" parent="sidewalk_right"]
navpoly = SubResource( 1 )

[node name="sidewalk_right_corner" type="Sprite" parent="."]
texture = ExtResource( 37 )

[node name="NavigationPolygonInstance" type="NavigationPolygonInstance" parent="sidewalk_right_corner"]
navpoly = SubResource( 1 )

[node name="sidewalk_right_side" type="Sprite" parent="."]
texture = ExtResource( 40 )

[node name="NavigationPolygonInstance" type="NavigationPolygonInstance" parent="sidewalk_right_side"]
navpoly = SubResource( 1 )

[node name="sidewalk_road_cross_left" type="Sprite" parent="."]
texture = ExtResource( 34 )

[node name="NavigationPolygonInstance" type="NavigationPolygonInstance" parent="sidewalk_road_cross_left"]
navpoly = SubResource( 1 )

[node name="sidewalk_road_cross_right" type="Sprite" parent="."]
texture = ExtResource( 41 )

[node name="NavigationPolygonInstance" type="NavigationPolygonInstance" parent="sidewalk_road_cross_right"]
navpoly = SubResource( 1 )

[node name="sidewalk_road_cross_top_left" type="Sprite" parent="."]
texture = ExtResource( 35 )

[node name="NavigationPolygonInstance" type="NavigationPolygonInstance" parent="sidewalk_road_cross_top_left"]
navpoly = SubResource( 1 )

[node name="sidewalk_road_cross_top_right" type="Sprite" parent="."]
texture = ExtResource( 45 )

[node name="NavigationPolygonInstance" type="NavigationPolygonInstance" parent="sidewalk_road_cross_top_right"]
navpoly = SubResource( 1 )

[node name="sidewalk_top" type="Sprite" parent="."]
texture = ExtResource( 36 )

[node name="NavigationPolygonInstance" type="NavigationPolygonInstance" parent="sidewalk_top"]
navpoly = SubResource( 1 )

[node name="sidewalk_top_corner" type="Sprite" parent="."]
texture = ExtResource( 31 )

[node name="NavigationPolygonInstance" type="NavigationPolygonInstance" parent="sidewalk_top_corner"]
navpoly = SubResource( 1 )

[node name="sidewalk_top_left_side" type="Sprite" parent="."]
texture = ExtResource( 49 )

[node name="NavigationPolygonInstance" type="NavigationPolygonInstance" parent="sidewalk_top_left_side"]
navpoly = SubResource( 1 )

[node name="sidewalk_top_right_side" type="Sprite" parent="."]
texture = ExtResource( 50 )

[node name="NavigationPolygonInstance" type="NavigationPolygonInstance" parent="sidewalk_top_right_side"]
navpoly = SubResource( 1 )

[node name="top_corner" type="Sprite" parent="."]
texture = ExtResource( 47 )

[node name="NavigationPolygonInstance" type="NavigationPolygonInstance" parent="top_corner"]
navpoly = SubResource( 1 )

[node name="top_left_side" type="Sprite" parent="."]
texture = ExtResource( 46 )

[node name="NavigationPolygonInstance" type="NavigationPolygonInstance" parent="top_left_side"]
navpoly = SubResource( 1 )

[node name="top_right_side" type="Sprite" parent="."]
texture = ExtResource( 48 )

[node name="NavigationPolygonInstance" type="NavigationPolygonInstance" parent="top_right_side"]
navpoly = SubResource( 1 )
